<record><leader>05549nam a22005297i 4500</leader><controlfield tag="001">6739871</controlfield><controlfield tag="003">OCoLC</controlfield><controlfield tag="005">20141015053934.7</controlfield><controlfield tag="006">m    eo  d        </controlfield><controlfield tag="007">cr bn||||m|||a</controlfield><controlfield tag="008">141009s2015    pau    fob    000 0 eng d</controlfield><datafield ind1=" " ind2=" " tag="020"><subfield code="a">9781466663688</subfield><subfield code="q">electronic bk.</subfield></datafield><datafield ind1=" " ind2=" " tag="020"><subfield code="a">1466663685</subfield><subfield code="q">electronic bk.</subfield></datafield><datafield ind1=" " ind2=" " tag="020"><subfield code="z">1466663685</subfield></datafield><datafield ind1=" " ind2=" " tag="020"><subfield code="z">9781466663671</subfield><subfield code="q">print</subfield></datafield><datafield ind1=" " ind2=" " tag="020"><subfield code="z">9781466663701</subfield><subfield code="q">print &amp; perpetual access</subfield></datafield><datafield ind1="7" ind2=" " tag="024"><subfield code="a">10.4018/978-1-4666-6367-1</subfield><subfield code="2">doi</subfield></datafield><datafield ind1=" " ind2=" " tag="037"><subfield code="a">861301</subfield><subfield code="b">EBSCO</subfield></datafield><datafield ind1=" " ind2=" " tag="039"><subfield code="a">exclude</subfield></datafield><datafield ind1=" " ind2=" " tag="040"><subfield code="a">IGIGL</subfield><subfield code="b">eng</subfield><subfield code="e">rda</subfield><subfield code="c">IGIGL</subfield><subfield code="d">OCLCO</subfield><subfield code="d">N$T</subfield><subfield code="d">AEU</subfield></datafield><datafield ind1=" " ind2="4" tag="050"><subfield code="a">LB2331.53</subfield><subfield code="b">.P763 2015e</subfield></datafield><datafield ind1=" " ind2="7" tag="072"><subfield code="a">EDU</subfield><subfield code="x">015000</subfield><subfield code="2">bisacsh</subfield></datafield><datafield ind1="0" ind2="4" tag="082"><subfield code="a">378.1/03</subfield><subfield code="2">23</subfield></datafield><datafield ind1=" " ind2=" " tag="090"><subfield code="a">Internet Access</subfield><subfield code="b">AEU</subfield></datafield><datafield ind1="0" ind2="0" tag="245"><subfield code="a">Professional development schools and transformative partnerships /</subfield><subfield code="c">Drew Polly, Tina Heafner, Marvin Chapman, and Melba Spooner, editors.</subfield></datafield><datafield ind1=" " ind2="1" tag="264"><subfield code="a">Hershey, Pennsylvania (701 E. Chocolate Avenue, Hershey, Pa., 17033, USA) :</subfield><subfield code="b">IGI Global,</subfield><subfield code="c">[2015]</subfield></datafield><datafield ind1=" " ind2=" " tag="300"><subfield code="a">1 online resource (363 pages).</subfield></datafield><datafield ind1=" " ind2=" " tag="336"><subfield code="a">text</subfield><subfield code="2">rdacontent</subfield></datafield><datafield ind1=" " ind2=" " tag="337"><subfield code="a">computer</subfield><subfield code="2">rdamedia</subfield></datafield><datafield ind1=" " ind2=" " tag="338"><subfield code="a">online resource</subfield><subfield code="2">rdacarrier</subfield></datafield><datafield ind1=" " ind2=" " tag="504"><subfield code="a">Includes bibliographical references.</subfield></datafield><datafield ind1="0" ind2=" " tag="505"><subfield code="a">The Benedum Collaborative: evaluating a strategic plan for simultaneous renewal / Sarah Steel, Neal Shambaugh, Reagan Curtis, Lynne Schrum -- Developing a more systematic approach to professional development school partnerships: the case of PDS efforts at a large urban university / Drew Polly, Melba Spooner, Marvin Chapman -- Creating connections across the PDS network: a personal narrative of one professor's journey / Suzanne Horn -- Commitment to change and action: a holistic and transformative PDS partnership / Linda A. Catelli, Valerie Jackson, Judith Marino, S. Marshall Perry -- Transformative partnerships: we can all learn / Aimee L. Morewood, Susan E. Taylor, Linda Hennen -- Transformative partnerships / Sharon Smaldino, Lara Luetkehans -- Designing authentic field-based experiences with immigrant students through one university and urban school partnership / Lan Quach Kolano, Cherese Childers-McKee -- Hard to believe it all started on a napkin!: anatomy of a long-term school-university partnership to create and evaluate effective practice / Lynn Ahlgrim-Delzell, Tracie-Lynn Zakas, Diane Browder, Jane Rhyne -- Collaborating with urban professional development schools to effectively prepare elementary urban teachers: embedding pre-service teachers in authentic urban settings / Amy W. Thornburg, Jennifer Collins -- Sharing PDS teacher expertise with pre-service teachers through videos / Cathy J. Siebert, Vanessa L. Wyss, Tiffany Jackson -- Early childhood programs as professional development schools / Linda K. Taylor, Patricia Clark -- Removing barriers: using a PDS model to enable collaborative community and school partnerships to serve at-risk students / S. Michael Putman, Jerrell C. Cassady, Lawrence L. Smith, Monica L. Heller -- Co-development of professional practice at a professional development school through instructional rounds and lesson study / Jennifer M. Suh, Lesley A. King, Andrea Weiss -- The professional development school: fertile ground for service-learning initiatives / Tracy Rock, Tina L. Heafner -- The university partnerships for critical reflection by teacher trainers / Eda &#220;st&#252;nel, Kenan Dikilitas -- Integrated methods block: transforming elementary teacher preparation through the integration of content methods and early clinical experiences / Kate Popejoy, Amy J. Good, Tracy Rock, Jean Payne Vintinner -- Leveraging a professional development school project to address students' learning in elementary school mathematics / Drew Polly -- Transformative professional development: a professional development team learns from students who write across the curriculum / Brian T. Kissel, Kateri Thunder, Linde Rickert Tassell, Jane Hansen -- The necessity of shared vision to achieve coherence: lessons learned in the Appalachian mathematics partnership / Kathleen Lynch-Davis, Tracie M. Salinas, Deborah Crocker, Katherine J. Mawhinney -- Socrates and the search for meaning at his academy / Janis Dellinger-Holton, Michael Green -- Viewing the implementation of the CCSS through the lens of one transformative district-university partnership / P. Michael Lutz -- Nurturing teacher development and promoting student academic achievement through a reciprocal learning experience / Tina L. Heafner, Melba Spooner.</subfield></datafield><datafield ind1=" " ind2=" " tag="506"><subfield code="a">Access restricted to authorized users and institutions.</subfield></datafield><datafield ind1="3" ind2=" " tag="520"><subfield code="a">"This book provides a comprehensive look at the design, implementation, and impact of educational initiatives between schools and universities, including cases and research on existing collaborations"--Provided by publisher.</subfield></datafield><datafield ind1=" " ind2=" " tag="588"><subfield code="a">Description based on title screen (IGI Global, viewed 10/09/2014).</subfield></datafield><datafield ind1=" " ind2=" " tag="596"><subfield code="a">44</subfield></datafield><datafield ind1=" " ind2="0" tag="650"><subfield code="a">College-school cooperation.</subfield></datafield><datafield ind1=" " ind2="0" tag="650"><subfield code="a">University cooperation.</subfield></datafield><datafield ind1=" " ind2="0" tag="650"><subfield code="a">Educational innovations.</subfield></datafield><datafield ind1="1" ind2=" " tag="700"><subfield code="a">Polly, Drew,</subfield><subfield code="d">1977- ,</subfield><subfield code="e">editor.</subfield></datafield><datafield ind1="1" ind2=" " tag="700"><subfield code="a">Heafner, Tina L.,</subfield><subfield code="e">editor.</subfield></datafield><datafield ind1="1" ind2=" " tag="700"><subfield code="a">Chapman, Marvin,</subfield><subfield code="e">editor.</subfield></datafield><datafield ind1="1" ind2=" " tag="700"><subfield code="a">Spooner, Melba,</subfield><subfield code="e">editor.</subfield></datafield><datafield ind1="2" ind2=" " tag="710"><subfield code="a">IGI Global,</subfield><subfield code="e">publisher.</subfield></datafield><datafield ind1="4" ind2="0" tag="856"><subfield code="3">University of Alberta Access</subfield><subfield code="u">http://search.ebscohost.com/login.aspx?direct=true&amp;scope=site&amp;db=nlebk&amp;db=nlabk&amp;AN=861301</subfield><subfield code="z">(Single User Access)</subfield></datafield><datafield ind1=" " ind2=" " tag="949"><subfield code="h">UAIN</subfield><subfield code="z">EBSCOUA</subfield></datafield><datafield ind1=" " ind2=" " tag="926"><subfield code="a">Internet Access</subfield><subfield code="w">LC</subfield><subfield code="c">1</subfield><subfield code="i">6739871-1001</subfield><subfield code="l">INTERNET</subfield><subfield code="m">UAINTERNET</subfield><subfield code="r">Y</subfield><subfield code="s">Y</subfield><subfield code="t">E-RESOURCE</subfield><subfield code="u">11/18/2014</subfield><subfield code="x">E-BOOK</subfield><subfield code="z">EBSCOUA</subfield></datafield></record>